@book{microservices_quarkus,
  author         = {Nebrass Lamouchi},
  edition        = {1},
  publisher      = {Apress Berkeley, CA},
  title          = {Pro Java Microservices with Quarkus and Kubernetes},
  year           = {2021},
  doi            = {https://doi.org/10.1007/978-1-4842-7170-4}  
}

@online{create_gpg, 
  url = {https://docs.github.com/en/authentication/managing-commit-signature-verification/generating-a-new-gpg-key?platform=linux},
  title = {Generating a new GPG key},
  urldate = {2022-11-02}
}

@online{git_gpg, 
  url = {https://docs.github.com/en/authentication/managing-commit-signature-verification/telling-git-about-your-signing-key},
  title = {Telling Git about your signing key},
  urldate = {2022-11-02}
}

